<record><leader>00000cas a2200000 a 4500</leader><controlfield tag="001">8143732</controlfield><controlfield tag="008">820210d18661866msudn ne      0   a0eng c</controlfield><datafield ind1=" " ind2=" " tag="010"><subfield code="a">sn 83045180 </subfield></datafield><datafield ind1=" " ind2=" " tag="040"><subfield code="a">CRL</subfield><subfield code="b">eng</subfield><subfield code="c">CRL</subfield><subfield code="d">NPW</subfield><subfield code="d">DLC</subfield><subfield code="d">MSJ</subfield><subfield code="d">NVK</subfield><subfield code="d">DLC</subfield><subfield code="d">OCLCQ</subfield><subfield code="d">OCLCF</subfield><subfield code="d">OCLCO</subfield><subfield code="d">DLC</subfield></datafield><datafield ind1="0" ind2=" " tag="022"><subfield code="a">2469-4746</subfield><subfield code="2">1</subfield></datafield><datafield ind1=" " ind2=" " tag="042"><subfield code="a">pcc</subfield><subfield code="a">nsdp</subfield></datafield><datafield ind1=" " ind2=" " tag="043"><subfield code="a">n-us-ms</subfield></datafield><datafield ind1="0" ind2="0" tag="050"><subfield code="a">Newspaper</subfield></datafield><datafield ind1="1" ind2="0" tag="082"><subfield code="a">071</subfield><subfield code="2">23</subfield></datafield><datafield ind1=" " ind2="0" tag="222"><subfield code="a">Daily clarion and standard</subfield><subfield code="b">(Print)</subfield></datafield><datafield ind1="0" ind2="0" tag="245"><subfield code="a">Daily clarion and standard.</subfield></datafield><datafield ind1=" " ind2=" " tag="260"><subfield code="a">Jackson, Miss. :</subfield><subfield code="b">Hamilton, Power &amp; Co.,</subfield><subfield code="c">1866-</subfield></datafield><datafield ind1=" " ind2=" " tag="300"><subfield code="a">v. :</subfield><subfield code="b">ill. (chiefly advertisements) ;</subfield><subfield code="c">74 cm.</subfield></datafield><datafield ind1=" " ind2=" " tag="310"><subfield code="a">Daily (except Monday)</subfield></datafield><datafield ind1="0" ind2=" " tag="362"><subfield code="a">Vol. 3, no. 257 (May 29, 1866)-</subfield></datafield><datafield ind1="1" ind2=" " tag="362"><subfield code="a">Ceased Aug. 1866.</subfield></datafield><datafield ind1=" " ind2=" " tag="500"><subfield code="a">"Democratic."</subfield></datafield><datafield ind1=" " ind2=" " tag="530"><subfield code="a">Available on microfilm from Bell &amp; Howell.</subfield></datafield><datafield ind1=" " ind2=" " tag="530"><subfield code="a">Archived issues are available in digital format from the Library of Congress Chronicling America online collection.</subfield></datafield><datafield ind1=" " ind2="0" tag="651"><subfield code="a">Jackson (Miss.)</subfield><subfield code="v">Newspapers.</subfield></datafield><datafield ind1=" " ind2="7" tag="651"><subfield code="a">Mississippi</subfield><subfield code="z">Jackson.</subfield><subfield code="2">fast</subfield><subfield code="0">(OCoLC)fst01205500</subfield></datafield><datafield ind1=" " ind2="7" tag="655"><subfield code="a">Newspapers.</subfield><subfield code="2">fast</subfield><subfield code="0">(OCoLC)fst01423814</subfield></datafield><datafield ind1=" " ind2=" " tag="752"><subfield code="a">United States</subfield><subfield code="b">Mississippi</subfield><subfield code="c">Hinds</subfield><subfield code="d">Jackson.</subfield></datafield><datafield ind1="0" ind2=" " tag="775"><subfield code="t">Weekly clarion (Meridian, Miss. : 1863)</subfield><subfield code="w">(DLC)sn 83016926</subfield></datafield><datafield ind1="0" ind2=" " tag="775"><subfield code="t">Tri-weekly clarion (Meridian, Miss. : 1865)</subfield><subfield code="w">(DLC)sn 86077252</subfield></datafield><datafield ind1="0" ind2="8" tag="776"><subfield code="i">Online version:</subfield><subfield code="t">Daily clarion and standard</subfield><subfield code="x">2469-4754</subfield><subfield code="w">(DLC)  2015270590</subfield><subfield code="w">(OCoLC)929857560</subfield></datafield><datafield ind1="0" ind2="0" tag="780"><subfield code="t">Daily Mississippi clarion and standard</subfield><subfield code="w">(DLC)sn 83045231</subfield></datafield><datafield ind1="0" ind2="0" tag="785"><subfield code="t">Daily clarion (Jackson, Miss.)</subfield><subfield code="w">(DLC)sn 83045232</subfield></datafield><datafield ind1="4" ind2="1" tag="856"><subfield code="u">http://www.loc.gov/chroniclingamerica/lccn/sn83045180/issues</subfield></datafield><datafield ind1="1" ind2=" " tag="029"><subfield code="a">AU@</subfield><subfield code="b">000020415030</subfield></datafield></record>